@book{heinrich2011wirtschaftsinformatik,
  title={Wirtschaftsinformatik},
  author={Heinrich, Lutz J and Heinzl, Armin and Riedl, Ren{\'e}},
  year={2011},
  publisher={Springer Berlin Heidelberg}
}

@article{wilde2007forschungsmethoden,
  title={Forschungsmethoden der Wirtschaftsinformatik},
  author={Wilde, Thomas and Hess, Thomas},
  journal={Wirtschaftsinformatik},
  volume={49},
  number={4},
  pages={280--287},
  year={2007},
  publisher={Springer}
}

@inproceedings{schauer2008wirtschaftsinformatik,
  title={Die Wirtschaftsinformatik im Spannungsfeld zwischen Vielfalt und Profilbildung: Auf der Suche nach den Kernkompetenzen einer vielf{\"a}ltigen Disziplin.},
  author={Schauer, Carola and Schauer, Hanno},
  booktitle={Multikonferenz Wirtschaftsinformatik},
  pages={1521--1538},
  year={2008}
}

@InCollection{chamoni2019wirtschaftsinformatik,
  Year    = {2019}, 
  Title    = {Wirtschaftsinformatik-Berufe}, 
  Author    = {Peter Chamoni}, 
	Editor = {Gronau, Norbert and Becker, J{\"o}rg and Kliewer, Natalia and Leimeister, Jan Marco and Overhage, Sven},
  Booktitle    = {Enzyklop{\"a}die der Wirtschaftsinformatik -- Online-Lexikon},
  Publisher    = {Berlin : GITO},
  Url    = {https://wi-lex.de/index.php/lexikon/uebergreifender-teil/disziplinen-der-wi/wirtschaftsinformatik/wirtschaftsinformatik-berufe/}, 
  Note    = {[Online; Stand 2. September 2022]},
}

@PhdThesis{gabriel1979programmierungsprobleme,
  author      = {Roland Gabriel},
  date        = {1979},
  institution = {Gesamthochschule Duisburg, Fachbereich 05 - Wirtschaftswissenschaft},
  title       = {Aufbau gemischt-ganzzahliger linearer Programmierungsprobleme bei logischen Verkn{\"u}pfungen und Entwurf effizienter heuristischer Algorithmen zu ihrer L{\"o}sung},
}

@report{scheer2003geschaftsmodelle,
  title={Gesch{\"a}ftsmodelle und internetbasierte Gesch{\"a}ftsmodelle-Begriffsbestimmung und Teilnehmermodell},
  author={Scheer, Christian and Deelmann, Thomas and Loos, Peter},
  year={2003},
  type={Forschungsreport},
  institution={Johannes Gutenberg Universit{\"a}t Mainz}
}

@TechReport{lehman2022biblatex,
  author      = {Philipp Lehman and Joseph Wright and Audrey Boruvka and Philip Kime},
  date        = {2022-07-12},
  institution = {CTAN Comprehensive \TeX Archive Network},
  title       = {Bib\LaTeX -- Sophisticated Bibliographies in \LaTeX},
	howpublished = {\url{https://ctan.org/pkg/biblatex}}
}

@book{kornmeier2007wissenschaftstheorie,
  title={Wissenschaftstheorie und wissenschaftliches Arbeiten},
  author={Martin Kornmeier},
  year={2007},
  publisher={Physica Verlag Heidelberg}
}

@book{hinterhuber1997kundenzufriedenheit,
  title={Kundenzufriedenheit durch Kernkompetenzen},
  author={Hinterhuber, Hans Hartmann and Bailom, Franz and Handlbauer, Gernot and Matzler, Kurt},
  year={1997},
  publisher={Springer}
}